@article{Bagnall2016,
    author = {Bagnall, Anthony and Lines, Jason and Bostrom, Aaron and Large, James and Keogh, Eamonn},
    year = {2016},
    month = {11},
    pages = {},
    title = {The great time series classification bake off: a review and experimental evaluation of recent algorithmic advances},
    volume = {31},
    journal = {Data Mining and Knowledge Discovery},
    doi = {10.1007/s10618-016-0483-9}
}

@misc{UCRArchive2018,
        title = "The {UCR} Time Series Classification Archive",
        author = {Dau, Hoang Anh and Keogh, Eamonn and Kamgar, Kaveh and Yeh, Chin-Chia Michael and Zhu, Yan 
                  and Gharghabi, Shaghayegh and Ratanamahatana, Chotirat Ann and Yanping and Hu, Bing 
                  and Begum, Nurjahan and Bagnall, Anthony and Mueen, Abdullah and Batista, Gustavo and Hexagon-ML},
        year = {2018},
        month = {10},
        note = {\url{https://www.cs.ucr.edu/~eamonn/time_series_data_2018/}}
    }

@InProceedings{Hutter2011,
    author="Hutter, Frank
            and Hoos, Holger H.
            and Leyton-Brown, Kevin",
    editor="Coello, Carlos A. Coello",
    title="Sequential Model-Based Optimization for General Algorithm Configuration",
    booktitle="Learning and Intelligent Optimization",
    year="2011",
    publisher="Springer Berlin Heidelberg",
    address="Berlin, Heidelberg",
    pages="507--523",
    isbn="978-3-642-25566-3"
}

@article{Tan2019,
	title="Time series classification for varying length series.",
	author="Chang Wei {Tan} and François {Petitjean} and Eamonn J. {Keogh} and Geoffrey I. {Webb}",
	journal="arXiv preprint",
	url="https://academic.microsoft.com/paper/2979575255",
	year="2019"
}

@misc{UCRArchive,
    title="The {UCR} Time Series Classification Archive",
    author={ Chen, Yanping and Keogh, Eamonn and Hu, Bing and Begum, Nurjahan and Bagnall, Anthony and Mueen, Abdullah and Batista, Gustavo},
    year={2015},
    month={7},
    note = {\url{www.cs.ucr.edu/~eamonn/time_series_data/}}
}

@article{Mori2019,
    title = "Early classification of time series using multi-objective optimization techniques",
    journal = "Information Sciences",
    volume = "492",
    pages = "204 - 218",
    year = "2019",
    issn = "0020-0255",
    doi = "https://doi.org/10.1016/j.ins.2019.04.024",
    url = "http://www.sciencedirect.com/science/article/pii/S0020025519303317",
    author = "U. Mori and A. Mendiburu and I.M. Miranda and J.A. Lozano",
    keywords = "Time series classification, Early classification, Multi-objective optimization",
}

@article{Xing2011,
    author = {Xing, Zheng zheng and Pei, Jian and Yu, Philip},
    year = {2011},
    month = {4},
    pages = {},
    title = {Early classification on time series},
    volume = {31},
    journal = {Knowledge and Information Systems - KAIS},
    doi = {10.1007/s10115-011-0400-x}
}

@article{Diez2002,
    author = {Rodr\'iguez Diez, Juan J. and  Alonso Gonz\'alez, Carlos J.},
    year = {2002},
    month = {9},
    pages = {},
    journal = {},
    title = {Boosting Interval-Based Literals: Variable Length and Early Classification},
    doi = {10.1142/9789812565402_0007}
}

@inproceedings{Hartvigsen2019,
	title="Adaptive-Halting Policy Network for Early Classification",
	author="Thomas {Hartvigsen} and Cansu {Sen} and Xiangnan {Kong} and Elke {Rundensteiner}",
	booktitle="Proceedings of the 25th ACM SIGKDD International Conference on Knowledge Discovery \& Data Mining",
	pages="101--110",
	year="2019"
}

@inproceedings{Feurer2015,
    author = {Feurer, Matthias and Klein, Aaron and Eggensperger, Katharina and Springenberg, Jost Tobias and Blum, Manuel and Hutter, Frank},
    title = {Efficient and Robust Automated Machine Learning},
    year = {2015},
    publisher = {MIT Press},
    address = {Cambridge, MA, USA},
    booktitle = {Proceedings of the 28th International Conference on Neural Information Processing Systems - Volume 2},
    pages = {2755–2763},
    numpages = {9},
    location = {Montreal, Canada},
    series = {NIPS’15}
}

@article{Thornton2012,
    author = {Thornton, Chris and Hutter, Frank and Hoos, Holger and Leyton-Brown, Kevin},
    year = {2012},
    month = {8},
    pages = {},
    title = {Auto-WEKA: Combined Selection and Hyperparameter Optimization of
    Classification Algorithms},
    journal = {KDD},
    doi = {10.1145/2487575.2487629}
}

@INPROCEEDINGS{Gardner2019,
    author={S. {Gardner} and O. {Golovidov} and J. {Griffin} and P. {Koch} and W. {Thompson} and B. {Wujek} and Y. {Xu}},
    booktitle={2019 IEEE International Conference on Data Science and Advanced Analytics (DSAA)},
    title={Constrained Multi-Objective Optimization for Automated Machine Learning},
    year={2019},
    volume={},
    number={},
    pages={364-373},
    doi={10.1109/DSAA.2019.00051},
    month={10},
}

@ARTICLE{Lv2019,
    author={J. {Lv} and X. {Hu} and L. {Li} and P. {Li}},
    journal={IEEE Access},
    title={An Effective Confidence-Based Early Classification of Time Series},
    year={2019},
    volume={7},
    number={},
    pages={96113-96124},
    doi={10.1109/ACCESS.2019.2929644},
    ISSN={2169-3536},
    month={},
}

@inproceedings{Xing2011a,
    author = {Xing, Zheng zheng and Pei, Jian and Yu, Philip and Wang, Ke},
    year = {2011},
    month = {04},
    pages = {247-258},
    title = {Extracting Interpretable Features for Early Classification on Time Series},
    journal = {Proceedings of the 11th SIAM International Conference on Data Mining, SDM 2011},
    doi = {10.1137/1.9781611972818.22}
}

@article{Parrish2013,
    author  = {Nathan Parrish and Hyrum S. Anderson and Maya R. Gupta and Dun Yu Hsiao},
    title   = {Classifying With Confidence From Incomplete Information},
    journal = {Journal of Machine Learning Research},
    year    = {2013},
    volume  = {14},
    pages   = {3561-3589},
    url     = {http://jmlr.org/papers/v14/parrish13a.html}
}

@article{Mori2016,
    author = {Mori, Usue and Mendiburu, Alexander and Keogh, Eamonn and Lozano, Jose},
    year = {2016},
    month = {04},
    pages = {},
    title = {Reliable early classification of time series based on discriminating the classes over time},
    volume = {31},
    journal = {Data Mining and Knowledge Discovery},
    doi = {10.1007/s10618-016-0462-1}
}

@ARTICLE{Mori2018,
    author={U. {Mori} and A. {Mendiburu} and S. {Dasgupta} and J. A. {Lozano}},
    journal={IEEE Transactions on Neural Networks and Learning Systems},
    title={Early Classification of Time Series by Simultaneously Optimizing the Accuracy and Earliness},
    year={2018},
    volume={29},
    number={10},
    pages={4569-4578},
    doi={10.1109/TNNLS.2017.2764939},
    ISSN={2162-2388},
    month={10}
}

@InProceedings{Fleischer2003,
    author="Fleischer, M.",
    editor="Fonseca, Carlos M.
    and Fleming, Peter J.
    and Zitzler, Eckart
    and Thiele, Lothar
    and Deb, Kalyanmoy",
    title={The Measure of {Pareto} Optima Applications to Multi-objective Metaheuristics},
    booktitle="Evolutionary Multi-Criterion Optimization",
    year="2003",
    publisher="Springer Berlin Heidelberg",
    address="Berlin, Heidelberg",
    pages="519--533",
    isbn="978-3-540-36970-7"
}

@article{Ye2011,
    author = {Ye, Lexiang and Keogh, Eamonn},
    year = {2011},
    month = {01},
    pages = {149-182},
    title = {Time Series Shapelets: A Novel Technique that Allows Accurate, Interpretable and Fast Classification},
    volume = {22},
    journal = {Data Min. Knowl. Discov.},
    doi = {10.1007/s10618-010-0179-5}
}

@INPROCEEDINGS{Freund1999,
    author = {Yoav Freund and Robert E. Schapire},
    title = {A Short Introduction to Boosting},
    booktitle = {In Proceedings of the Sixteenth International Joint Conference on Artificial Intelligence},
    year = {1999},
    pages = {1401--1406},
    publisher = {Morgan Kaufmann}
}

@article{Schafer2019,
	title="TEASER: Early and Accurate Time Series Classification.",
	author="Patrick {Schäfer} and Ulf {Leser}",
	journal="arXiv preprint",
	year="2019",
	url = {https://arxiv.org/abs/1908.03405}
}

@article{Hu2015,
    author = {Hu, Bing and Chen, Yanping and Keogh, Eamonn},
    year = {2015},
    month = {06},
    pages = {},
    title = {Classification of streaming time series under more realistic assumptions},
    volume = {30},
    journal = {Data Mining and Knowledge Discovery},
    doi = {10.1007/s10618-015-0415-0}
}

@article{Hatami2013,
    author = {Hatami, Nima and Chira, Camelia},
    year = {2013},
    month = {12},
    pages = {},
    title = {Classifiers With a Reject Option for Early Time-Series Classification},
    doi = {10.1109/CIEL.2013.6613134}
}

@inproceedings{Antonucci2015,
  title={Early Classification of Time Series by Hidden Markov Models with Set-Valued Parameters},
  booktitle = {Proc. NIPS Time Series Workshop},
  pages = {1--5},
  author={Alessandro Antonucci and M. Scanagatta and D. D. Mau\'a and C. P. de Campos},
  year={2015}
}

@inproceedings{Dachraoui2015,
    author = {Dachraoui, Asma and Bondu, Alexis and Cornuéjols, Antoine},
    year = {2015},
    month = {09},
    pages = {},
    title = {Early Classification of Time Series as a Non Myopic Sequential Decision Making Problem},
    volume = {9284},
    doi = {10.1007/978-3-319-23528-8_27}
}

@incollection{Bergstra2011,
    title = {Algorithms for Hyper-Parameter Optimization},
    author = {James S. Bergstra and Bardenet, R\'{e}mi and Bengio, Yoshua and Bal\'{a}zs K\'{e}gl},
    booktitle = {Advances in Neural Information Processing Systems 24},
    editor = {J. Shawe-Taylor and R. S. Zemel and P. L. Bartlett and F. Pereira and K. Q. Weinberger},
    pages = {2546--2554},
    year = {2011},
    publisher = {Curran Associates, Inc.},
    url = {http://papers.nips.cc/paper/4443-algorithms-for-hyper-parameter-optimization.pdf}
}

@Article{Couckuyt2014,
    author={Couckuyt, Ivo
    and Deschrijver, Dirk
    and Dhaene, Tom},
    title={Fast calculation of multiobjective probability of improvement and expected improvement criteria for Pareto optimization},
    journal={Journal of Global Optimization},
    year={2014},
    volume={60},
    number={3},
    pages={575-594},
    issn={1573-2916},
    doi={10.1007/s10898-013-0118-2},
    url={https://doi.org/10.1007/s10898-013-0118-2}
}

@ARTICLE{GPflowOpt2017,
    author = "Knudde, Nicolas and {van der Herten}, Joachim and Dhaene, Tom and Couckuyt, Ivo",
    title = "{GPflow: A Gaussian process library using TensorFlow}",
    journal = {arXiv preprint},
    year = {2017},
    url = {https://arxiv.org/abs/1711.03845}
}

@inproceedings{Snoek2012,
    author = {Snoek, Jasper and Larochelle, Hugo and Adams, Ryan P.},
    title = {Practical Bayesian Optimization of Machine Learning Algorithms},
    year = {2012},
    publisher = {Curran Associates Inc.},
    address = {Red Hook, NY, USA},
    booktitle = {Proceedings of the 25th International Conference on Neural Information Processing Systems - Volume 2},
    pages = {2951–2959},
    numpages = {9},
    location = {Lake Tahoe, Nevada},
    series = {NIPS’12}
}

@inproceedings{Hutter2009,
    author = {Hutter, Frank and Hoos, Holger H. and Leyton-Brown, Kevin and Murphy, Kevin P.},
    title = {An Experimental Investigation of Model-Based Parameter Optimisation: SPO and Beyond},
    year = {2009},
    isbn = {978-1605583259},
    publisher = {Association for Computing Machinery},
    address = {New York, NY, USA},
    url = {https://doi.org/10.1145/1569901.1569940},
    doi = {10.1145/1569901.1569940},
    booktitle = {Proceedings of the 11th Annual Conference on Genetic and Evolutionary Computation},
    pages = {271–278},
    numpages = {8},
    keywords = {gaussian processes, sequential experimental design, noisy optimization, active learning, parameter tuning},
    location = {Montreal, Qu\'{e}bec, Canada},
    series = {GECCO ’09}
}

@inbook{Olson2016a,
    author={Olson, Randal S. and Urbanowicz, Ryan J. and Andrews, Peter C. and Lavender, Nicole A. and Kidd, La Creis and Moore, Jason H.},
    editor={Squillero, Giovanni and Burelli, Paolo},
    chapter={Automating Biomedical Data Science Through Tree-Based Pipeline Optimization},
    title={Applications of Evolutionary Computation: 19th European Conference, EvoApplications 2016, Porto, Portugal, March 30 -- April 1, 2016, Proceedings, Part I},
    year={2016},
    publisher={Springer International Publishing},
    pages={123--137},
    isbn={978-3-319-31204-0},
    doi={10.1007/978-3-319-31204-0_9},
    url={http://dx.doi.org/10.1007/978-3-319-31204-0_9}
}

@inproceedings{Olson2016b,
    author = {Olson, Randal S. and Bartley, Nathan and Urbanowicz, Ryan J. and Moore, Jason H.},
    title = {Evaluation of a Tree-based Pipeline Optimization Tool for Automating Data Science},
    booktitle = {Proceedings of the Genetic and Evolutionary Computation Conference 2016},
    series = {GECCO '16},
    year = {2016},
    isbn = {978-1-4503-4206-3},
    location = {Denver, Colorado, USA},
    pages = {485--492},
    numpages = {8},
    url = {http://doi.acm.org/10.1145/2908812.2908918},
    doi = {10.1145/2908812.2908918},
    acmid = {2908918},
    publisher = {ACM},
    address = {New York, NY, USA},
}

@inproceedings{Koch2018,
    author = {Koch, Patrick and Golovidov, Oleg and Gardner, Steven and Wujek, Brett and Griffin, Joshua and Xu, Yan},
    title = {Autotune: A Derivative-Free Optimization Framework for Hyperparameter Tuning},
    year = {2018},
    isbn = {9781450355520},
    publisher = {Association for Computing Machinery},
    address = {New York, NY, USA},
    url = {https://doi.org/10.1145/3219819.3219837},
    doi = {10.1145/3219819.3219837},
    booktitle = {Proceedings of the 24th ACM SIGKDD International Conference on Knowledge Discovery \& Data Mining},
    pages = {443–452},
    numpages = {10},
    keywords = {bayesian optimization, hyperparameters, distributed computing system, stochastic optimization, derivative-free optimization},
    location = {London, United Kingdom},
    series = {KDD ’18}
}
  
@inproceedings{Jin2019,
  title={Auto-Keras: An Efficient Neural Architecture Search System},
  author={Jin, Haifeng and Song, Qingquan and Hu, Xia},
  booktitle={Proceedings of the 25th ACM SIGKDD International Conference on Knowledge Discovery \& Data Mining},
  pages={1946--1956},
  year={2019},
  organization={ACM}
}

@book{automl,
    editor = {Hutter, Frank and Kotthoff, Lars and Vanschoren, Joaquin},
    publisher = {Springer},
    title = {Automatic Machine Learning: Methods, Systems, Challenges},
    year = {2019}
}

@inproceedings{Feurer2019,
    author = {Feurer, Matthias and Hutter, Frank},
    title = {Hyperparameter Optimization},
    pages = {3-38},
    chapter = {1},
    crossref = {automl}
}

@article{Bergstra2012,
    author = {Bergstra, James and Bengio, Yoshua},
    title = {Random Search for Hyper-Parameter Optimization},
    year = {2012},
    issue_date = {March 2012},
    publisher = {JMLR.org},
    volume = {13},
    number = {null},
    issn = {1532-4435},
    journal = {J. Mach. Learn. Res.},
    month = feb,
    pages = {281–305},
    numpages = {25},
    keywords = {global optimization, deep learning, response surface modeling, neural networks, model selection}
}
  
@inproceedings{Eberhart1998,
    author = {Eberhart, Russell and Shi, Yuhui},
    year = {1998},
    month = {03},
    pages = {611-616},
    title = {Comparison between Genetic Algorithms and Particle Swarm Optimization.},
    volume = {1447},
    journal = {Lecture notes in computer science},
    doi = {10.1007/BFb0040812}
}

@article{Binois2019,
   author = {Mickaël Binois and Victor Picheny},
   title = {GPareto: An R Package for Gaussian-Process-Based Multi-Objective Optimization and Analysis},
   journal = {Journal of Statistical Software, Articles},
   volume = {89},
   number = {8},
   year = {2019},
   issn = {1548-7660},
   pages = {1--30},
   doi = {10.18637/jss.v089.i08},
   url = {https://www.jstatsoft.org/v089/i08}
}

@article{Feliot2015,
    author = {Feliot, Paul and Bect, Julien and Vazquez, Emmanuel},
    year = {2015},
    month = {09},
    pages = {},
    title = {A Bayesian approach to constrained single- and multi-objective optimization},
    volume = {67},
    journal = {Journal of Global Optimization},
    doi = {10.1007/s10898-016-0427-3}
}

@ARTICLE{Emmerich2006,  
    author={M. T. M. {Emmerich} and K. C. {Giannakoglou} and B. {Naujoks}},  
    journal={IEEE Transactions on Evolutionary Computation},  
    title={Single- and multiobjective evolutionary optimization assisted by Gaussian random field metamodels},   
    year={2006},  
    volume={10},  
    number={4},  
    pages={421-439}
}

@INPROCEEDINGS{Emmerich2011,  
    author={M. T. M. {Emmerich} and A. H. {Deutz} and J. W. {Klinkenberg}},  
    booktitle={2011 IEEE Congress of Evolutionary Computation (CEC)},  
    title={Hypervolume-based expected improvement: Monotonicity properties and exact computation},   
    year={2011},  
    volume={},  
    number={},  
    pages={2147-2154}
}

@inbook{Emmerich2015,
    author = {Emmerich, Michael and Yang, Kaifeng and Deutz, André and Wang, Hao and Fonseca, Carlos},
    year = {2015},
    month = {11},
    pages = {},
    title = {A Multicriteria Generalization of Bayesian Global Optimization},
    volume = {107},
    doi = {10.1007/978-3-319-29975-4_12}
}

@InProceedings{Yang2017,
    author="Yang, Kaifeng and Emmerich, Michael and Deutz, Andr{\'e} and Fonseca, Carlos M.",
    editor="Trautmann, Heike and Rudolph, G{\"u}nter and Klamroth, Kathrin and Sch{\"u}tze, Oliver and Wiecek, Margaret and Jin, Yaochu and Grimme, Christian",
    title="Computing 3-D Expected Hypervolume Improvement and Related Integrals in Asymptotically Optimal Time",
    booktitle="Evolutionary Multi-Criterion Optimization",
    year="2017",
    publisher="Springer International Publishing",
    address="Cham",
    pages="685--700",
    doi={10.1007/978-3-319-54157-0_46},
    url = {https://link.springer.com/chapter/10.1007/978-3-319-54157-0_46}
}

@article{Li2018,
    author = {Li, Zheng and Wang, Xinyu and Ruan, Shilun and Li, Zhaojun and Shen, Changyu and Zeng, Yan},
    year = {2018},
    month = {06},
    pages = {1-19},
    title = {A modified hypervolume based expected improvement for multi-objective efficient global optimization method},
    volume = {58},
    journal = {Structural and Multidisciplinary Optimization},
    doi = {10.1007/s00158-018-2006-3}
}

@proceedings{conf/icml/2016,
  editor    = {Frank Hutter and
               Lars Kotthoff and
               Joaquin Vanschoren},
  title     = {Proceedings of the 2016 Workshop on Automatic Machine Learning, AutoML
               2016, co-located with 33rd International Conference on Machine Learning
               {(ICML} 2016), New York City, NY, USA, June 24, 2016},
  series    = {{JMLR} Workshop and Conference Proceedings},
  volume    = {64},
  publisher = {JMLR.org},
  year      = {2016},
  url       = {http://proceedings.mlr.press/v64/},
  timestamp = {Wed, 29 May 2019 08:41:44 +0200},
  biburl    = {https://dblp.org/rec/conf/icml/2016automl.bib},
  bibsource = {dblp computer science bibliography, https://dblp.org}
}

@inproceedings{Hernandez2016,
  author={Daniel {Hern\'andez}-Lobato and {Jos\'e} Miguel {Hern\'andez}-Lobato and Amar Shah and Ryan P. Adams},
  title={Predictive Entropy Search for Multi-objective Bayesian Optimization},
  year={2016},
  cdate={1451606400000},
  pages={1492-1501},
  url={http://proceedings.mlr.press/v48/hernandez-lobatoa16.html},
  booktitle={ICML},
  crossref={conf/icml/2016}
}

@article{Horn2016,
  title={Multi-objective parameter configuration of machine learning algorithms using model-based optimization},
  author={Daniel Horn and Bernd Bischl},
  journal={2016 IEEE Symposium Series on Computational Intelligence (SSCI)},
  year={2016},
  pages={1-8}
}

@article{Muessel2012,
    author = {Muessel, Christoph and Lausser, Ludwig and Maucher, Markus and Kestler, Hans},
    year = {2012},
    month = {01},
    pages = {},
    title = {Multi-Objective Parameter Selection for Classifers},
    volume = {46},
    journal = {Journal of Statistical Software},
    doi = {10.18637/jss.v046.i05}
}

@inproceedings{Ponweiser2008,
    author = {Ponweiser, Wolfgang and Wagner, Tobias and Biermann, Dirk and Vincze, Markus},
    year = {2008},
    month = {09},
    pages = {784-794},
    title = {Multiobjective Optimization on a Limited Budget of Evaluations Using Model-Assisted  {$S$}-Metric Selection},
    doi = {10.1007/978-3-540-87700-4_78}
}

@TechReport{Knowles2004,
  author ={Joshua Knowles},
  title ={ParEGO: A Hybrid Algorithm with On-line Landscape Approximation for Expensive Multiobjective Optimization Problems},
  institution ={University of Manchester},
  year ={2004},
  OPTkey ={},
  OPTtype ={},
  number ={TR-COMPSYSBIO-2004-01},
  OPTaddress ={},
  month ={09},
  OPTnote ={},
  OPTannote ={}
}

@article{Kasimbeyli2019,
    author = {Kasimbeyli, Refail and Kamisli Ozturk, Zehra and Kasimbeyli, Nergiz and Dinc Yalcin, Gulcin and İçmen Erdem, Banu},
    year = {2019},
    month = {09},
    pages = {1875–1905},
    title = {Comparison of Some Scalarization Methods in Multiobjective Optimization},
    volume = {42},
    journal = {The Bulletin of the Malaysian Mathematical Society Series 2},
    doi = {10.1007/s40840-017-0579-4}
}

@ARTICLE{Deb2002,
    author={K. {Deb} and A. {Pratap} and S. {Agarwal} and T. {Meyarivan}},
    journal={IEEE Transactions on Evolutionary Computation},
    title={A fast and elitist multiobjective genetic algorithm: NSGA-II},
    year={2002},
    volume={6},
    number={2},
    pages={182-197}
}

@Inbook{Mockus1989,
    author="Mockus, Jonas",
    title="Global Optimization and the Bayesian Approach",
    bookTitle="Bayesian Approach to Global Optimization: Theory and Applications",
    year="1989",
    publisher="Springer Netherlands",
    address="Dordrecht",
    pages="1--3",
    isbn="978-94-009-0909-0",
    doi="10.1007/978-94-009-0909-0_1",
    url="https://doi.org/10.1007/978-94-009-0909-0_1"
}

@article{Mockus1994,
  title={Application of Bayesian approach to numerical methods of global and stochastic optimization},
  author={Jonas Mockus},
  journal={Journal of Global Optimization},
  year={1994},
  volume={4},
  pages={347-365}
}

@article{Zitzler2000,
    author = {Zitzler, Eckart and Deb, Kalyanmoy and Thiele, Lothar},
    title = {Comparison of Multiobjective Evolutionary Algorithms: Empirical Results},
    year = {2000},
    issue_date = {June 2000},
    publisher = {MIT Press},
    address = {Cambridge, MA, USA},
    volume = {8},
    number = {2},
    issn = {1063-6560},
    url = {https://doi.org/10.1162/106365600568202},
    doi = {10.1162/106365600568202},
    journal = {Evol. Comput.},
    month = jun,
    pages = {173–195},
    numpages = {23}
}
  
